@article{caspari-2021,
  title     = {Using Real-Time Data to Detect Delays and Improve Customer Communications at New York City Transit},
  author    = {Caspari, Adam and Wood, Daniel and Campbell, Angel and Jefferson, Darian and Huynh, Tuan and Reddy, Alla},
  journal   = {Transportation Research Record},
  volume    = {2675},
  number    = {7},
  pages     = {45--57},
  year      = {2021},
  publisher = {SAGE Publications Sage CA: Los Angeles, CA},
	doi       = {10.1177/0361198121994115}
}

@article{chen-2009,
  title     = {Analyzing urban bus service reliability at the stop, route, and network levels},
  author    = {Chen, Xumei and Yu, Lei and Zhang, Yushi and Guo, Jifu},
  journal   = {Transportation research part A: policy and practice},
  volume    = {43},
  number    = {8},
  pages     = {722--734},
  year      = {2009},
  publisher = {Elsevier},
	doi       = {10.1016/j.tra.2009.07.006},
}

@article{computerwoche-1988,
	author          = {{Computerwoche}},
	journal         = {Computerwoche},
	number          = {46},
	title           = {Neue Lösung auf der Basis von Tandem-Rechnern und Siemens-PCs: Bahn will offenen Rechner-Verbund schaffen},
	volume          = {1988},
	year            = {1988},
	language        = {german},
	url             = {https://www.computerwoche.de/a/bahn-will-offenen-rechner-verbund-schaffen,1157261},
	urldate         = {2023-04-30},
}

@misc{eu-2020,
  title        = {Report on the quality of life in European cities, 2020},
  year         = {2020},
  author       = {{European Commission}},
  doi          = {10.2776/600407},
}

@article{goverde-2013,
  title     = {Railway line capacity consumption of different railway signalling systems under scheduled and disturbed conditions},
  author    = {Goverde, Rob MP and Corman, Francesco and D’Ariano, Andrea},
  journal   = {Journal of rail transport planning \& management},
  volume    = {3},
  number    = {3},
  pages     = {78--94},
  year      = {2013},
  publisher = {Elsevier},
	doi       = {10.1016/j.jrtpm.2013.12.001}
}

@misc{gtfs-2022-schedule,
	url = {https://gtfs.org/schedule/reference/},
	urldate      = {2023-04-29},
	author = {{MobilityData}},
	title = {GTFS Schedule Reference},
	year = {2022}
}

@misc{gtfs-2022-realtime,
	url = {https://gtfs.org/realtime/reference/},
	urldate      = {2023-04-29},
	author = {{MobilityData}},
	title = {GTFS Realtime Reference},
	year = {2022}
}

@article{hallinan-1993,
  title     = {A review of the Weibull distribution},
  author    = {Hallinan Jr, Arthur J},
  journal   = {Journal of Quality Technology},
  volume    = {25},
  number    = {2},
  pages     = {85--93},
  year      = {1993},
  publisher = {Taylor \& Francis},
	doi       = {10.1080/00224065.1993.11979431}
}

@article{haslauer-2015,
  title     = {Comparing subjective and objective quality of life criteria: A case study of green space and public transport in Vienna, Austria},
  author    = {Haslauer, Eva and Delmelle, Elizabeth C and Keul, Alexander and Blaschke, Thomas and Prinz, Thomas},
  journal   = {Social Indicators Research},
  volume    = {124},
  pages     = {911--927},
  year      = {2015},
  publisher = {Springer},
  doi       = {10.1007/s11205-014-0810-8}
}

@misc{oebb-2023,
  title        = {S-Bahn Wien, Niederösterreich und Burgenland},
  author       = {{ÖBB-Personenverkehr AG}},
  url = {https://www.oebb.at/de/regionale-angebote/wien/s-bahn-wien},
  year         = {2023},
  urldate      = {2023-04-29},
  language     = {german}
}

@misc{oebb-2023b,
  title        = {Pünktlichkeitswerte Wien},
  author       = {{ÖBB-Personenverkehr AG}},
  url = {https://www.oebb.at/de/rechtliches/puenktlichkeit/wien},
  year         = {2023},
  urldate      = {2023-04-29},
  language     = {german}
}

@misc{redmann-2023b,
	author = {Redmann, Jannis},
	url = {https://github.com/public-transport/hafas-client#readme},
	urldate = {2023-04-30},
	title = {hafas-client: A client for the "mobile APIs" of HAFAS public transport management systems.},
	year         = {2023}
}

@misc{redmann-2023c,
	author = {Redmann, Jannis},
	url = {https://github.com/public-transport/hafas-client/blob/master/docs/api.md},
	urldate = {2023-04-30},
	title = {hafas-client API},
	year = {2023}
}

@misc{redmann-2023a,
	author = {Redmann, Jannis},
	url = {https://github.com/public-transport/friendly-public-transport-format/blob/3bd36faa721e85d9f5ca58fb0f38cdbedb87bbca/spec/readme.md},
	urldate = {2023-04-30},
	title = {friendly public transport format},
	year = {2023}
}

@misc{stadt-wien-2021,
  title        = {U2-Teilsperre von Karlsplatz bis Rathaus bis Herbst 2023},
  author       = {{Stadt Wien}},
  url = {https://www.wien.gv.at/verkehr/oeffentlich/u2-sperre-karlsplatz-rathaus.html},
  year         = {2021},
  urldate      = {2023-04-29},
  language     = {german}
}

@book{stadt-wien-2022,
  title     = {Statistisches Jahrbuch der Stadt Wien 2022: Wien in Zahlen},
  language  = {german},
  issn      = {0259-6083},
  author    = {{Stadt Wien}},
  pages     = {338},
  year      = {2022},
  publisher = {Magistrat der Stadt Wien Wirtschaft, Arbeit und Statistik},
	url       = {https://www.digital.wienbibliothek.at/wbrup/download/pdf/4353659},
	urldate   = {2023-04-29},
}

@article{strathman-1993,
  title     = {Empirical analysis of bus transit on-time performance},
  author    = {Strathman, James G and Hopper, Janet R},
  journal   = {Transportation Research Part A: Policy and Practice},
  volume    = {27},
  number    = {2},
  pages     = {93--100},
  year      = {1993},
  publisher = {Elsevier},
	doi       = {10.1016/0965-8564(93)90065-s}
}

@article{van-oort-2015,
  title     = {Data driven improvements in public transport: the Dutch example},
  author    = {{Van Oort}, Niels and Sparing, Daniel and Brands, Ties and Goverde, Rob MP},
  journal   = {Public transport},
  volume    = {7},
  pages     = {369--389},
  year      = {2015},
  publisher = {Springer},
  doi       = {10.1007/s12469-015-0114-7}
}

@book{ware-2019,
  title     = {Information visualization: perception for design},
  author    = {Ware, Colin},
  year      = {2019},
  publisher = {Morgan Kaufmann},
  isbn      = {9780128128756},
  edition   = {4}
}

@misc{wiener-linien-2020,
  title        = {Zahlen und Fakten: Betriebsangaben 2019},
  author       = {{Wiener Linien}},
  url = {https://www.wienerlinien.at/media/files/2020/wl_betriebsangaben_2019_deutsch_358274.pdf},
  month        = {June},
  year         = {2020},
  urldate      = {2023-04-29}
}

@misc{wiener-linien-2023,
  url = {https://www.wienerlinien.at/documents/843721/4763236/Tagnetz_2023-02_v1_Website.pdf},
  urldate      = {2023-04-29},
  year         = {2023},
  month        = {February},
  title        = {Gesamtnetzplan},
  author       = {{Wiener Linien}}
}

@misc{wiener-stadtwerke-2022,
  title        = {Working for the city: Financial Report 2021},
  author       = {{Wiener Stadtwerke Group}},
  url = {https://www.wienerstadtwerke.at/documents/238130/1547172/WStW_Financial_Report_2021.pdf},
  urldate      = {2023-04-29},
  year         = {2022}
}

@phdthesis{yuan-2006,
  title={Stochastic modelling of train delays and delay propagation in stations},
  author={Yuan, Jianxin},
  year={2006},
	school={TU Delft},
	url={https://repository.tudelft.nl/islandora/object/uuid:caa72522-26b1-4088-afc0-59c6e5c346f6},
	urldate={2023-04-29}
}

@incollection{yuan-2008,
  author    = {Jianxin Yuan},
  booktitle = {Railway Timetable \& Traffic: Analysis, Modelling, Simulation},
  publisher = {Eurail Press},
  title     = {Statistical Analysis of Train Delays},
  year      = {2008},
  editor    = {Hansen, {Ingo Arne} and Pachl, Jörn},
	isbn      = {9783777103716}
}